=======
%!TEX root = Main.tex
%For references
%-----------------------------------SKABELONER TIL DE FORSKELLIGE TYPER AF REFERENCER-----------------------------------%
@techreport{tech_report_example,
    Author = {Some author},
    Date-Added = {2014-02-12},
    Date-Modified = {2014-02-12},
    Institution = {Aalborg University},
    Month = {February},
    Number = {8},
    Title = {The fat group - The making of a great game},
    Year = {2015}
}

@manual{manual_example,
    Date-Added = {2014-02-12},
    Date-Modified = {2014-02-12},
    Organization = {The fat group},
    Title = {How to make a great game},
    Year = {2015}
}

@article{article_example,
    Author = {The fat group},
    Date-Added = {2014-02-12},
    Date-Modified = {2014-02-12},
    Journal = {Great games illustrated},
    Number = {1},
    Pages = {80},
    Title = {On how great games are made},
    Volume = {27},
    Year = {2015}
}

@book{book_example,
    Author = {You get the idea},
    Date-Added = {2014-02-12},
    Date-Modified = {2014-02-12},
    Publisher = {Publisher},
    Read = {1},
    Title = {Game engines disected},
    Year = {2015},
    Edition = {1.}
}

@misc{misc_example,
    Howpublished = {\url{http://some.url.com}},
    Key = {Website name},
    Note = {Accessed: 12-02-2015},
    Title = {{Page name}},
    Year = {2015}
}

%-----------------------------------KILDER INDSÆTTES EFTER DETTE-----------------------------------%

@misc{dtfnotat,
title = {Trafikmodeller Arbejdsnotat til Infrastrukturkommissionen Notat 3},
author = {Danmarks TransportForskning},
OPTnote = {Besøgt: d. 2. marts 2016},
howpublished = {\url{http://www.transport.dtu.dk/~/media/Institutter/Transport/forskning/publikationer/publikationer%20dtf/2007/arbejdsnotat_om_trafikmodeller_160507.ashx?la=da}},
year = {2007},
}

@misc{trafikoekonomi,
title = {Trafikprop. Flere veje vil skabe større vækst},
author = {Michael Knørr Skov og Karsten Sten Pedersen},
OPTnote = {Besøgt: d. 2. marts 2016},
howpublished = {\url{http://www.cowi.dk/menu/tema/infrastruktur-2030/cowi-i-medierne/Documents/Veje%20skaber%20v%C3%A6kst_Politiken%20analyse%2024052014.pdf}},
year = {2014},
}

@misc{forurening,
title = {Traffic Congestion and Greenhouse Gases},
author = {Matthew Barth og Kanok Boriboonsomsin},
OPTnote = {Besøgt: d. 2. marts 2016},
howpublished = {\url{https://escholarship.org/uc/item/3vz7t3db}},
year = {2009},
}

@misc{udrykning,
title = {Trafikpropper kan koste menneskeliv},
author = {Henrik Papsø},
OPTnote = {Besøgt: d. 2. marts 2016},
howpublished = {\url{http://www.tveast.dk/artikler/trafikpropper-kan-koste-menneskeliv}},
year = {2007},
}

@misc{stress,
title = {Traffic Congestion, Driver Stress, and Driver Aggression},
author = {Dwight A Hennessy og David L Wiesenthal},
OPTnote = {Besøgt: d. 4. marts 2016},
howpublished = {\url{https://www.researchgate.net/profile/Dwight_Hennessy/publication/229863510_Traffic_congestion_driver_stress_and_driver_aggression/links/0deec53274dd4c9e88000000.pdf}},
year = {1999},
}

@book{DMATBOGEN,
    Author = {hans},
    Date-Added = {2014-02-12},
    Date-Modified = {2014-02-12},
    Publisher = {Publisher},
    Read = {1},
    Title = {Game engines disected},
    Year = {2015},
    Edition = {1.}
}